@book{efron1994introduction,
  title={An introduction to the bootstrap},
  author={Efron, Bradley},
  year={1994},
  publisher={Chapman and Hall/CRC}
}
@book{edition2002probability,
  title={Probability, random variables, and stochastic processes},
  author={Edition, Fourth and Papoulis, Athanasios and Pillai, S Unnikrishna},
  year={2002},
  publisher={McGraw-Hill Europe: New York, NY, USA}
}